<collection xmlns="http://www.loc.gov/MARC21/slim">
<record>
  <leader>01395nam0a22002291i 450 </leader>
  <controlfield tag="001">IT\ICCU\CNCE\044128</controlfield>
  <controlfield tag="005">19990118000000.0</controlfield>
  <datafield tag="012" ind1=" " ind2=" ">
    <subfield code="a">asi: t.is uem. vtni (3) 1577 (R)</subfield>
    <subfield code="2">fei</subfield>
  </datafield>
  <datafield tag="100" ind1=" " ind2=" ">
    <subfield code="a">19990112d1577        0itac0103    ba</subfield>
  </datafield>
  <datafield tag="101" ind1=" " ind2=" ">
    <subfield code="a">LAT</subfield>
  </datafield>
  <datafield tag="102" ind1=" " ind2=" ">
    <subfield code="a">IT</subfield>
  </datafield>
  <datafield tag="200" ind1="1" ind2=" ">
    <subfield code="a">℗Laurentii Gambarae Brixiani, ℗Rerum sacrarum liber. Cum argumentis Iacobi Pacti Siculi Mamertini</subfield>
  </datafield>
  <datafield tag="210" ind1=" " ind2=" ">
    <subfield code="a">Antuerpiae</subfield>
    <subfield code="c">ex officina Christophori Plantini architypographi regij</subfield>
    <subfield code="d">1577</subfield>
  </datafield>
  <datafield tag="215" ind1=" " ind2=" ">
    <subfield code="a">194, \2! p.</subfield>
    <subfield code="c">ill. calcogr.</subfield>
    <subfield code="d"></subfield>
  </datafield>
  <datafield tag="300" ind1=" " ind2=" ">
    <subfield code="a">((Contiene 55 calcografie, 54 delle quali eseguite su disegni di B. Passeri. il cui nome figura in un riquadro alla base della cornice del front.: Bernardinus Passarus Ro. inv., ed 1, a p. 88, sottoscritta con le iniziali IH. W e P.B., eseguita da J. Wieri</subfield>
  </datafield>
  <datafield tag="700" ind1=" " ind2="1">
    <subfield code="a">Gambara,</subfield>
    <subfield code="b">Lorenzo</subfield>
    <subfield code="3">IT\ICCU\CNCA\005857</subfield>
  </datafield>
  <datafield tag="712" ind1="0" ind2="0">
    <subfield code="a">Plantin, Christophe</subfield>
    <subfield code="3">IT\ICCU\CNCT\002133</subfield>
    <subfield code="4">650</subfield>
  </datafield>
  <datafield tag="790" ind1=" " ind2="1">
    <subfield code="a">Gambara,</subfield>
    <subfield code="b">Laurentius</subfield>
    <subfield code="3">IT\ICCU\CNCA\022702</subfield>
    <subfield code="z">Gambara, Lorenzo</subfield>
  </datafield>
  <datafield tag="791" ind1="0" ind2="0">
    <subfield code="a">Plantino, Christofano</subfield>
    <subfield code="3">IT\ICCU\CNCT\005447</subfield>
    <subfield code="z">Plantin, Christophe</subfield>
  </datafield>
  <datafield tag="791" ind1="0" ind2="0">
    <subfield code="a">Plantino, Christophoro</subfield>
    <subfield code="3">IT\ICCU\CNCT\005449</subfield>
    <subfield code="z">Plantin, Christophe</subfield>
  </datafield>
  <datafield tag="801" ind1=" " ind2="3">
    <subfield code="a">IT</subfield>
    <subfield code="b">ICCU</subfield>
    <subfield code="c">20201114</subfield>
  </datafield>
  <datafield tag="899" ind1=" " ind2=" ">
    <subfield code="a">Biblioteca nazionale centrale. Roma</subfield>
    <subfield code="1">RM0267</subfield>
    <subfield code="2">BVE CR</subfield>
  </datafield>
</record>
</collection>
